@PREAMBLE{
 "\providecommand{\noopsort}[1]{}" 
 # "\providecommand{\singleletter}[1]{#1}%" 
}



@article{Caticha_2004,
  title = {Maximum entropy and Bayesian data analysis: Entropic prior distributions},
  author = {Caticha, Ariel and Preuss, Roland},
  journal = {Phys. Rev. E},
  volume = {70},
  issue = {4},
  pages = {046127},
  numpages = {12},
  year = {2004},
  month = {Oct},
  publisher = {American Physical Society},
  doi = {10.1103/PhysRevE.70.046127},
  url = {https://link.aps.org/doi/10.1103/PhysRevE.70.046127}
}

@article{Caticha_2021,
  title={Entropy, information, and the updating of probabilities},
  author={Caticha, Ariel},
  journal={Entropy},
  volume={23},
  number={7},
  pages={895},
  year={2021},
  publisher={MDPI}
}

@article{Durkan_2019,
    title={Neural spline flows},
    author={Durkan, Conor and Bekasov, Artur and Murray, Iain and Papamakarios, George},
    journal={Advances in neural information processing systems},
    volume={32},
    year={2019}
}

@article{Dusaussoy_1991,
    title={The extended {MENT} algorithm: a maximum entropy type algorithm using prior knowledge for computerized tomography},
    author={Dusaussoy, Nicolas J and Abdou, Ikram E},
    journal={IEEE Transactions on Signal Processing},
    volume={39},
    number={5},
    pages={1164--1180},
    year={1991},
    publisher={IEEE}
}

@book{Gelman_1995,
  title={Bayesian data analysis},
  author={Gelman, Andrew and Carlin, John B and Stern, Hal S and Rubin, Donald B},
  year={1995},
  publisher={Chapman and Hall/CRC}
}

@article{Hock_2013,
    title = {Tomographic reconstruction of the full {4D} transverse phase space},
    journal = {Nuclear Instruments and Methods in Physics Research Section A: Accelerators, Spectrometers, Detectors and Associated Equipment},
    volume = {726},
    pages = {8-16},
    year = {2013},
    issn = {0168-9002},
    doi = {https://doi.org/10.1016/j.nima.2013.05.004},
    url = {https://www.sciencedirect.com/science/article/pii/S0168900213005202},
    author = {K.M. Hock and A. Wolski},
}

@article{Hock_2012,
    title={A study of the maximum entropy technique for phase space tomography},
    author={Hock, KM and Ibison, MG},
    journal={Journal of Instrumentation},
    volume={8},
    number={02},
    pages={P02003},
    year={2013},
    publisher={IOP Publishing}
}

@article{Higson_2019,
  title={Dynamic nested sampling: an improved algorithm for parameter estimation and evidence calculation},
  author={Higson, Edward and Handley, Will and Hobson, Michael and Lasenby, Anthony},
  journal={Statistics and Computing},
  volume={29},
  pages={891--913},
  year={2019},
  publisher={Springer}
}

@article{Hoover_2023,
    title = {Analysis of a hadron beam in five-dimensional phase space},
    author = {Hoover, A. and Ruisard, K. and Aleksandrov, A. and Zhukov, A. and Cousineau, S.},
    journal = {Phys. Rev. Accel. Beams},
    volume = {26},
    issue = {6},
    pages = {064202},
    numpages = {13},
    year = {2023},
    month = {Jun},
    publisher = {American Physical Society},
    doi = {10.1103/PhysRevAccelBeams.26.064202},
    url = {https://link.aps.org/doi/10.1103/PhysRevAccelBeams.26.064202}
}

@article{Hoover_2024_mentflow,
  title = {High-dimensional maximum-entropy phase space tomography using normalizing flows},
  author = {Hoover, Austin and Wong, Jonathan C.},
  journal = {Phys. Rev. Res.},
  volume = {6},
  issue = {3},
  pages = {033163},
  numpages = {12},
  year = {2024},
  month = {Aug},
  publisher = {American Physical Society},
  doi = {10.1103/PhysRevResearch.6.033163},
  url = {https://link.aps.org/doi/10.1103/PhysRevResearch.6.033163}
}

@article{Hoover_2024_four,
  title = {Four-dimensional phase space tomography from one-dimensional measurements of a hadron beam},
  author = {Hoover, Austin},
  journal = {Phys. Rev. Accel. Beams},
  volume = {27},
  issue = {12},
  pages = {122802},
  numpages = {9},
  year = {2024},
  month = {Dec},
  publisher = {American Physical Society},
  doi = {10.1103/PhysRevAccelBeams.27.122802},
  url = {https://link.aps.org/doi/10.1103/PhysRevAccelBeams.27.122802}
}

@article{Mckee_1995,
  title={Phase space tomography of relativistic electron beams},
  author={McKee, CB and O'Shea, PG and Madey, JMJ},
  journal={Nuclear Instruments and Methods in Physics Research Section A: Accelerators, Spectrometers, Detectors and Associated Equipment},
  volume={358},
  number={1-3},
  pages={264--267},
  year={1995},
  publisher={Elsevier}
}

@article{Metropolis_1953,
  title={Equation of state calculations by fast computing machines},
  author={Metropolis, Nicholas and Rosenbluth, Arianna W and Rosenbluth, Marshall N and Teller, Augusta H and Teller, Edward},
  journal={The journal of chemical physics},
  volume={21},
  number={6},
  pages={1087--1092},
  year={1953},
  publisher={American Institute of Physics}
}

@inproceedings{Midgley_2022,
    title={Flow Annealed Importance Sampling Bootstrap},
    author={Laurence Illing Midgley and Vincent Stimper and Gregor N. C. Simm and Bernhard Sch{\"o}lkopf and Jos{\'e} Miguel Hern{\'a}ndez-Lobato},
    booktitle={NeurIPS 2022 AI for Science: Progress and Promises},
    year={2022},
    url={https://openreview.net/forum?id=OFZ-78-CnO}
}

@article{Minerbo_1979,
    title={{MENT}: A maximum entropy algorithm for reconstructing a source from projection data},
    author={Minerbo, Gerald},
    journal={Computer Graphics and Image Processing},
    volume={10},
    number={1},
    pages={48--68},
    year={1979},
    publisher={Elsevier}
}

@article{Minerbo_1981,
  author={Minerbo, G. N. and Sander, O. R. and Jameson, R. A.},
  journal={IEEE Transactions on Nuclear Science}, 
  title={Four-Dimensional Beam Tomography}, 
  year={1981},
  volume={28},
  number={3},
  pages={2231-2233},
  doi={10.1109/TNS.1981.4331646}
}

@inproceedings{Mottershead_1996,
    title={Maximum entropy tomography},
    author={Mottershead, CT},
    booktitle={Proceedings of the Fifteenth International Workshop on Maximum Entropy and Bayesian Methods, Santa Fe, New Mexico, USA},
    pages={425--430},
    year={1996},
    organization={Springer}
}

@article{Presse_2013,
    title = {Principles of maximum entropy and maximum caliber in statistical physics},
    author = {Press\'e, Steve and Ghosh, Kingshuk and Lee, Julian and Dill, Ken A.},
    journal = {Rev. Mod. Phys.},
    volume = {85},
    issue = {3},
    pages = {1115--1141},
    numpages = {0},
    year = {2013},
    month = {Jul},
    publisher = {American Physical Society},
    doi = {10.1103/RevModPhys.85.1115},
    url = {https://link.aps.org/doi/10.1103/RevModPhys.85.1115}
}

@article{Pytorch_2019,
    title={Pytorch: An imperative style, high-performance deep learning library},
    author={Paszke, Adam and Gross, Sam and Massa, Francisco and Lerer, Adam and Bradbury, James and Chanan, Gregory and Killeen, Trevor and Lin, Zeming and Gimelshein, Natalia and Antiga, Luca and others},
    journal={Advances in neural information processing systems},
    volume={32},
    year={2019}
}

@article{Roussel_2023,
    title={Phase space reconstruction from accelerator beam measurements using neural networks and differentiable simulations},
    author={Roussel, Ryan and Edelen, Auralee and Mayes, Christopher and Ratner, Daniel and Gonzalez-Aguilera, Juan Pablo and Kim, Seongyeol and Wisniewski, Eric and Power, John},
    journal={Physical Review Letters},
    volume={130},
    number={14},
    pages={145001},
    year={2023},
    publisher={APS}
}

@misc{Roussel_2024_6d,
    Author = {Ryan Roussel and Juan Pablo Gonzalez-Aguilera and Auralee Edelen and Eric Wisniewski and Alex Ody and Wanming Liu and Young-Kee Kim and John Power},
    Title = {Efficient 6-dimensional phase space reconstruction from experimental measurements using generative machine learning},
    Year = {2024},
    journal={arXiv preprint arXiv:2404.10853},
}

@article{Skilling_1991,
    title={Bayesian maximum entropy image reconstruction},
    author={Skilling, John and Gull, Stephen F},
    journal={Lecture Notes-Monograph Series},
    pages={341--367},
    year={1991},
    publisher={JSTOR}
}

@article{Wang_2019,
    title = {Four-dimensional phase space measurement using multiple two-dimensional profiles},
    journal = {Nuclear Instruments and Methods in Physics Research Section A: Accelerators, Spectrometers, Detectors and Associated Equipment},
    volume = {943},
    pages = {162438},
    year = {2019},
    issn = {0168-9002},
    doi = {https://doi.org/10.1016/j.nima.2019.162438},
    url = {https://www.sciencedirect.com/science/article/pii/S0168900219310022},
    author = {Minwen Wang and Zhongming Wang and Di Wang and Wolong Liu and Baichuan Wang and Maocheng Wang and Mengtong Qiu and Xialing Guan and Xuewu Wang and Wenhui Huang and Shuxin Zheng},
}

@article{Wolski_2020,
    title = {Transverse phase space characterization in an accelerator test facility},
    author = {Wolski, A. and Christie, D. C. and Militsyn, B. L. and Scott, D. J. and Kockelbergh, H.},
    journal = {Phys. Rev. Accel. Beams},
    volume = {23},
    issue = {3},
    pages = {032804},
    numpages = {23},
    year = {2020},
    month = {Mar},
    publisher = {American Physical Society},
    doi = {10.1103/PhysRevAccelBeams.23.032804},
    url = {https://link.aps.org/doi/10.1103/PhysRevAccelBeams.23.032804}
}

@article{Wolski_2023,
    title = {Transverse phase space tomography in an accelerator test facility using image compression and machine learning},
    author = {Wolski, A. and Johnson, M. A. and King, M. and Militsyn, B. L. and Williams, P. H.},
    journal = {Phys. Rev. Accel. Beams},
    volume = {25},
    issue = {12},
    pages = {122803},
    numpages = {18},
    year = {2022},
    month = {Dec},
    publisher = {American Physical Society},
    doi = {10.1103/PhysRevAccelBeams.25.122803},
    url = {https://link.aps.org/doi/10.1103/PhysRevAccelBeams.25.122803}
}

@article{Wong_2022,
    author = {Jonathan C. Wong and Andrei Shishlo and Alexander Aleksandrov and Yun Liu and Cary Long},
    doi = {10.1103/PhysRevAccelBeams.25.042801},
    issn = {24699888},
    issue = {4},
    journal = {Physical Review Accelerators and Beams},
    month = {4},
    publisher = {American Physical Society},
    title = {{4D} transverse phase space tomography of an operational hydrogen ion beam via noninvasive 2D measurements using laser wires},
    volume = {25},
    year = {2022},
}